@article{xu2023earth,
  title={The Earth is Flat because...: Investigating LLMs' Belief towards Misinformation via Persuasive Conversation},
  author={Xu, Rongwu and Lin, Brian S and Yang, Shujian and Zhang, Tianqi and Shi, Weiyan and Zhang, Tianwei and Fang, Zhixuan and Xu, Wei and Qiu, Han},
  journal={arXiv preprint arXiv:2312.09085},
  year={2023}
}

@inproceedings{
xiong2024can,
title={Can {LLM}s Express Their Uncertainty? An Empirical Evaluation of Confidence Elicitation in {LLM}s},
author={Miao Xiong and Zhiyuan Hu and Xinyang Lu and YIFEI LI and Jie Fu and Junxian He and Bryan Hooi},
booktitle={The Twelfth International Conference on Learning Representations},
year={2024},
url={https://openreview.net/forum?id=gjeQKFxFpZ}
}

@article{krishna2024understanding,
  title={Understanding the Effects of Iterative Prompting on Truthfulness},
  author={Krishna, Satyapriya and Agarwal, Chirag and Lakkaraju, Himabindu},
  journal={arXiv preprint arXiv:2402.06625},
  year={2024}
}

@article{salinas2024butterfly,
  title={The butterfly effect of altering prompts: How small changes and jailbreaks affect large language model performance},
  author={Salinas, Abel and Morstatter, Fred},
  journal={arXiv preprint arXiv:2401.03729},
  year={2024}
}

% Consistency improvement with dedicated loss
@article{elazar2021measuring,
  title={Measuring and improving consistency in pretrained language models},
  author={Elazar, Yanai and Kassner, Nora and Ravfogel, Shauli and Ravichander, Abhilasha and Hovy, Eduard and Sch{\"u}tze, Hinrich and Goldberg, Yoav},
  journal={Transactions of the Association for Computational Linguistics},
  volume={9},
  pages={1012--1031},
  year={2021},
  publisher={MIT Press One Rogers Street, Cambridge, MA 02142-1209, USA journals-info~…}
}

% Chain Of Thought prompting
@article{wei2022chain,
  title={Chain-of-thought prompting elicits reasoning in large language models},
  author={Wei, Jason and Wang, Xuezhi and Schuurmans, Dale and Bosma, Maarten and Xia, Fei and Chi, Ed and Le, Quoc V and Zhou, Denny and others},
  journal={Advances in neural information processing systems},
  volume={35},
  pages={24824--24837},
  year={2022}
}

% Calibration for reducing over confidency
@article{mielke2022reducing,
  title={Reducing conversational agents’ overconfidence through linguistic calibration},
  author={Mielke, Sabrina J and Szlam, Arthur and Dinan, Emily and Boureau, Y-Lan},
  journal={Transactions of the Association for Computational Linguistics},
  volume={10},
  pages={857--872},
  year={2022},
  publisher={MIT Press One Broadway, 12th Floor, Cambridge, Massachusetts 02142, USA~…}
}

% extensive calibration research
@inproceedings{guo2017calibration,
  title={On calibration of modern neural networks},
  author={Guo, Chuan and Pleiss, Geoff and Sun, Yu and Weinberger, Kilian Q},
  booktitle={International conference on machine learning},
  pages={1321--1330},
  year={2017},
  organization={PMLR}
}

%sycophancy
@article{perez2022discovering,
  title={Discovering language model behaviors with model-written evaluations},
  author={Perez, Ethan and Ringer, Sam and Luko{\v{s}}i{\=u}t{\.e}, Kamil{\.e} and Nguyen, Karina and Chen, Edwin and Heiner, Scott and Pettit, Craig and Olsson, Catherine and Kundu, Sandipan and Kadavath, Saurav and others},
  journal={arXiv preprint arXiv:2212.09251},
  year={2022}
}

% truthfulness survey
@article{liu2023trustworthy,
  title={Trustworthy llms: a survey and guideline for evaluating large language models' alignment},
  author={Liu, Yang and Yao, Yuanshun and Ton, Jean-Francois and Zhang, Xiaoying and Guo, Ruocheng and Cheng, Hao and Klochkov, Yegor and Taufiq, Muhammad Faaiz and Li, Hang},
  journal={arXiv preprint arXiv:2308.05374},
  year={2023}
}

@misc{bubeck2023sparksartificialgeneralintelligence,
      title={Sparks of Artificial General Intelligence: Early experiments with GPT-4}, 
      author={Sébastien Bubeck and Varun Chandrasekaran and Ronen Eldan and Johannes Gehrke and Eric Horvitz and Ece Kamar and Peter Lee and Yin Tat Lee and Yuanzhi Li and Scott Lundberg and Harsha Nori and Hamid Palangi and Marco Tulio Ribeiro and Yi Zhang},
      year={2023},
      eprint={2303.12712},
      archivePrefix={arXiv},
      primaryClass={cs.CL},
      url={https://arxiv.org/abs/2303.12712}, 
}

@misc{bommasani2022opportunitiesrisksfoundationmodels,
      title={On the Opportunities and Risks of Foundation Models}, 
      author={Rishi Bommasani and Drew A. Hudson and Ehsan Adeli and Russ Altman and Simran Arora and Sydney von Arx and Michael S. Bernstein and Jeannette Bohg and Antoine Bosselut and Emma Brunskill and Erik Brynjolfsson and Shyamal Buch and Dallas Card and Rodrigo Castellon and Niladri Chatterji and Annie Chen and Kathleen Creel and Jared Quincy Davis and Dora Demszky and Chris Donahue and Moussa Doumbouya and Esin Durmus and Stefano Ermon and John Etchemendy and Kawin Ethayarajh and Li Fei-Fei and Chelsea Finn and Trevor Gale and Lauren Gillespie and Karan Goel and Noah Goodman and Shelby Grossman and Neel Guha and Tatsunori Hashimoto and Peter Henderson and John Hewitt and Daniel E. Ho and Jenny Hong and Kyle Hsu and Jing Huang and Thomas Icard and Saahil Jain and Dan Jurafsky and Pratyusha Kalluri and Siddharth Karamcheti and Geoff Keeling and Fereshte Khani and Omar Khattab and Pang Wei Koh and Mark Krass and Ranjay Krishna and Rohith Kuditipudi and Ananya Kumar and Faisal Ladhak and Mina Lee and Tony Lee and Jure Leskovec and Isabelle Levent and Xiang Lisa Li and Xuechen Li and Tengyu Ma and Ali Malik and Christopher D. Manning and Suvir Mirchandani and Eric Mitchell and Zanele Munyikwa and Suraj Nair and Avanika Narayan and Deepak Narayanan and Ben Newman and Allen Nie and Juan Carlos Niebles and Hamed Nilforoshan and Julian Nyarko and Giray Ogut and Laurel Orr and Isabel Papadimitriou and Joon Sung Park and Chris Piech and Eva Portelance and Christopher Potts and Aditi Raghunathan and Rob Reich and Hongyu Ren and Frieda Rong and Yusuf Roohani and Camilo Ruiz and Jack Ryan and Christopher Ré and Dorsa Sadigh and Shiori Sagawa and Keshav Santhanam and Andy Shih and Krishnan Srinivasan and Alex Tamkin and Rohan Taori and Armin W. Thomas and Florian Tramèr and Rose E. Wang and William Wang and Bohan Wu and Jiajun Wu and Yuhuai Wu and Sang Michael Xie and Michihiro Yasunaga and Jiaxuan You and Matei Zaharia and Michael Zhang and Tianyi Zhang and Xikun Zhang and Yuhui Zhang and Lucia Zheng and Kaitlyn Zhou and Percy Liang},
      year={2022},
      eprint={2108.07258},
      archivePrefix={arXiv},
      primaryClass={cs.LG},
      url={https://arxiv.org/abs/2108.07258}, 
}

@article{meng2022locating,
  title={Locating and editing factual associations in GPT},
  author={Meng, Kevin and Bau, David and Andonian, Alex and Belinkov, Yonatan},
  journal={Advances in Neural Information Processing Systems},
  volume={35},
  pages={17359--17372},
  year={2022}
}